@phdthesis{ghasabyan2020validation,
  title={Validation of DRAGON5 Lattice Code for PWR (Pressurized Water Reactor) Applications Using Depletion Benchmarks by Detailed Comparison with SERPENT2 Monte Carlo Code},
  author={Ghasabyan, Levon},
  year={2020},
  school={Polytechnique Montr{\'e}al},
  note = {[Online]. Available: \url{https://www.polymtl.ca/merlin/downloads/2020_LevonGhasabyan.pdf}}
}

@article{marleau2011user,
  title={A user guide for DRAGON Version 5},
  author={Marleau, Guy and H{\'e}bert, Alain and Roy, Robert},
  journal={Institute of Nuclear Engineering, Department of Mechanical Engineering, {\'E}cole Polytechnique de Montr{\'e}al},
  note = {[Online]. Available: \url{https://www.polymtl.ca/merlin/downloads/IGE335.pdf}},
  year={2011}
}

@article{hebert2016dragon5,
  title={DRAGON5 and DONJON5, the contribution of {\'E}cole Polytechnique de Montr{\'e}al to the SALOME platform},
  author={H{\'e}bert, Alain},
  journal={Annals of Nuclear Energy},
  volume={87},
  pages={12--20},
  note = {[Online]. Available: \url{https://www.polymtl.ca/merlin/downloads/Version5.pdf}},
  year={2016},
  publisher={Elsevier}
}

@article{canbakan2015accuracy,
  title={Accuracy of a 2-level scheme based on a subgroup method for pressurized water reactor fuel assembly models},
  author={Canbakan, Axel and H{\'e}bert, Alain},
  journal={Annals of Nuclear Energy},
  volume={81},
  pages={164--173},
  note = {[Online]. Available: \url{https://doi.org/10.1016/j.anucene.2015.03.034}},
  year={2015},
  publisher={Elsevier}
}

@article{godfrey2013vera,
  title={VERA core physics benchmark progression problem specifications},
  author={Godfrey, Andrew T and others},
  journal={Consortium for Advanced Simulation of LWRs},
  year={2013}
}

@book{ligou1997introduction,
  title={Introduction au g{\'e}nie nucl{\'e}aire},
  author={Ligou, Jacques},
  year={1997},
  publisher={PPUR presses polytechniques}
}

@Inbook{Knott2010,
author="Knott, Dave
and Yamamoto, Akio",
editor="Cacuci, Dan Gabriel",
title="Lattice Physics Computations",
bookTitle="Handbook of Nuclear Engineering",
year="2010",
publisher="Springer US",
address="Boston, MA",
pages="913--1239",
isbn="978-0-387-98149-9",
doi="10.1007/978-0-387-98149-9_9",
url="https://doi.org/10.1007/978-0-387-98149-9_9"
}